@inproceedings{linderman2014discovering,
  title={Discovering Latent Network Structure in Point Process Data},
  author={Linderman, Scott and Adams, Ryan},
  booktitle={Proceedings of the 31st International Conference on Machine Learning (ICML-14)},
  pages={1413--1421},
  year={2014}
  }

@article{linderman2015scalable,
  title={Scalable Bayesian Inference for Excitatory Point Process Networks},
    author={Linderman, Scott W and Adams, Ryan P},
      journal={arXiv preprint arXiv:1507.03228},
        year={2015}
	}

@article{linderman2015cosyne,
  title={Inferring structured connectivity from spike trains under negative-binomial generalized linear models},
  author={Linderman, Scott W and Adams, Ryan P and Pillow, Jonathan W},
  journal={Computational and Systems Neuroscience (Cosyne) Abstracts},
  year={2015}
}

@inproceedings{linderman2014framework,
  title={A framework for studying synaptic plasticity with neural spike train data},
    author={Linderman, Scott and Stock, Christopher H and Adams, Ryan P},
      booktitle={Advances in Neural Information Processing Systems},
        pages={2330--2338},
	  year={2014}
	  }


@article{linderman2014nonparametric,
  title={A nonparametric bayesian approach to uncovering rat hippocampal population codes during spatial navigation},
    author={Linderman, Scott W and Johnson, Matthew J and Wilson, Matthew A and Chen, Zhe},
      journal={arXiv preprint arXiv:1411.7706},
        year={2014}
	}

@article{linderman2016cosyne,
  title={Bayesian Latent State Space Models of Neural Activity},
  author={Linderman, Scott W and Tucker, Aaron, and Johnson, Matthew J},
  journal={Submitted to Computational and Systems Neuroscience (Cosyne) Abstracts},
  year={2016}
}